@manual{AX25_standard,
	author = {{Tucson Amateur Packet Radio Corporation}},
	title = {{AX.25 Link Access Protocol for Amateur Packet Radio}},
	date = {{1998}}
}

@manual{SwissCube_AX25,
	author = {{SwissCube}},
	title = {{Telemetry and Telecommand Transfer Frames Format}},
	date = {{2007}}
}

@misc{ICOM_910H_pic,
    author = {{Universal Radio}},
    title = {{Icom 910H radio}},
    howpublished = "\url{https://www.universal-radio.com/catalog/hammulti/1910lrg.jpg}",
    year = {{20013}},
    note = "[Online; accessed 24-Nov-2016]"
}


